@inproceedings{Generics_Research,
author = {Chris Parnin and Christian Bird and Emerson Murphy-Hill},
title = {Adoption and Use of Java Generics},
year = {2013},
booktitle = {Empirical Software Engineering},
volume = {18},
pages ={1047-1089},
url = {https://link.springer.com/article/10.1007/s10664-012-9236-6/}
}

@article{Lambda_Research,
author = {Davood Mazinanian and Ameya Ketkar and Nikolaos Tsantalis and Danny Dig},
title = {Understanding the Use of Lambda Expressions in Java},
year = {2017},
publisher = {Association for Computing Machinery},
volume = {1},
number = {OOPSLA},
url = {https://doi.org/10.1145/3133909},
doi = {10.1145/3133909},
journal = {Proc. ACM Program. Lang.},
articleno = {85},
numpages = {31},
}

@inproceedings{Immutable_Class,
author = {Fredrik Kjolstad and Danny Dig and Gabriel Acevedo and Marc Snir},
title = {Transformation for Class Immutability},
year = {2011},
publisher = {Association for Computing Machinery},
url = {https://doi.org/10.1145/1985793.1985803},
doi = {10.1145/1985793.1985803},
booktitle = {Proceedings of the 33rd International Conference on Software Engineering},
pages = {61-70},
numpages = {10},
series = {ICSE '11}
}

@manual{Record_Purpose,
  author = {Gavin Bierman},
  title = {JEP 395: Records},
  url = {https://openjdk.org/jeps/395}
}

@manual{JLS17,
  author = {James Gosling and Bill Joy and Guy Steele and Gilad Bracha and Alex Buckley and Daniel Smith and Gavin Bierman},
  title = {The JavaÂ® Language Specification},
  url = {https://docs.oracle.com/javase/specs/jls/se17/jls17.pdf}
}

@manual{Collections_Framework,

}